BibTeX | Abstract | URL | DOI
 @PHDTHESIS{Hussain08,
  author = {Shamaila Hussain},
  title = {Mutation Clustering},
  school = {King's College London},
  year = {2008},
  type = {phdthesis},
  address = {UK}, 
  month = {}, 
}

@INPROCEEDINGS{NaminA06,
  author = {Akbar Siami Namin and James H. Andrews},
  title = {Finding Sufficient Mutation Operators via Variable Reduction},
  booktitle = {Proceedings of the 2nd Workshop on Mutation Analysis (MUTATION'06)},
  year = {2006},
  address = {Raleigh, North Carolina}, 
  month = {November}, 
  pages = {5}
}

@INPROCEEDINGS{SchulerDZ09,
  author = {David Schuler and Valentin Dallmeier and Andreas Zeller},
  title = {Efficient Mutation Testing by Checking Invariant Violations},
  booktitle = {Proceedings of the International Symposium on Software Testing and Analysis (ISSTA'09)},
  year = {2009},
  address = {Chicago, Illinois}, 
  month = {19-23 July}, 
  pages = {}
}

 @INPROCEEDINGS{OffuttP96,
  author = {A. Jefferson Offutt and Jie Pan},
  title = {Detecting Equivalent Mutants and the Feasible Path Problem},
  booktitle = {Proceedings of the 1996 Annual Conference on Computer Assurance},
  year = {1996},
  address = {Gaithersburg, Maryland}, 
  month = {June}, 
  pages = {224-236}
}